<?xml version="1.0" encoding="utf-8"?>
<record xmlns="http://www.loc.gov/MARC21/slim" xmlns:xsi="http://www.w3.org/2001/XMLSchema-instance" xsi:schemaLocation="http://www.loc.gov/MARC21/slim http://www.loc.gov/standards/marcxml/schema/MARC21slim.xsd">
	<leader>     nam a22        4500</leader>
	<controlfield tag="001">3080521</controlfield>
	<controlfield tag="003">NNC</controlfield>
	<controlfield tag="006">m        d        </controlfield>
	<controlfield tag="007">cr cn |||m|||a</controlfield>
	<controlfield tag="008">170829s1933    ua      o     000 0 ara d</controlfield>
	<datafield ind1=" " ind2=" " tag="040">
		<subfield code="a">NNU</subfield>
		<subfield code="b">eng</subfield>
		<subfield code="e">rda</subfield>
		<subfield code="c">NNU</subfield>
	</datafield>
	<datafield ind1="1" ind2=" " tag="041">
		<subfield code="a">ara</subfield>
		<subfield code="h">und</subfield>
	</datafield>
	<datafield ind1=" " ind2=" " tag="043">
		<subfield code="a">a------</subfield>
		<subfield code="a">f------</subfield>
	</datafield>
	<datafield ind1=" " ind2="4" tag="050">
		<subfield code="a">D228</subfield>
		<subfield code="b">.S86125 1933</subfield>
	</datafield>
	<datafield ind1="1" ind2=" " tag="100">
		<subfield code="6">880-01</subfield>
		<subfield code="a">Stoddard, Lothrop,</subfield>
		<subfield code="d">1883-1950.</subfield>
	</datafield>
	<datafield ind1="1" ind2="0" tag="240">
		<subfield code="a">New world of Islam.</subfield>
		<subfield code="l">Arabic</subfield>
	</datafield>
	<datafield ind1="1" ind2="0" tag="245">
		<subfield code="6">880-02</subfield>
		<subfield code="a">Ḥāḍir al-ʻālam al-Islāmī /</subfield>
		<subfield code="c">taʼlīf Lūthrub Stūdārd ; naqalahu ilá al-ʻArabīyah ʻAjjāj Nuwayhīḍ ; wa fīhi fuṣūl wa taʻlīqāt wa ḥawāshin mustafīdah ʻan daqāʼiq aḥwāl al-umam al-Islāmīyah wa taṭawwurihā al-ḥadīth bi-qalam al-Amīr Shakīb Arslān.</subfield>
	</datafield>
	<datafield ind1=" " ind2=" " tag="260">
		<subfield code="6">880-03</subfield>
		<subfield code="a">al-Qāhirah :</subfield>
		<subfield code="b">Maṭbaʻat ʻĪsá al-Bābī al-Ḥalabī wa Shurakā bi-Miṣr,</subfield>
		<subfield code="c">1352 [1932]</subfield>
	</datafield>
	<datafield ind1=" " ind2=" " tag="300">
		<subfield code="a">online resource (4 volumes)</subfield>
	</datafield>
	<datafield ind1=" " ind2=" " tag="336">
		<subfield code="a">text</subfield>
		<subfield code="2">rdacontent</subfield>
	</datafield>
	<datafield ind1=" " ind2=" " tag="337">
		<subfield code="a">computer</subfield>
		<subfield code="2">rdamedia</subfield>
	</datafield>
	<datafield ind1=" " ind2=" " tag="338">
		<subfield code="a">online resource</subfield>
		<subfield code="2">rdacarrier</subfield>
	</datafield>
	<datafield ind1=" " ind2=" " tag="500">
		<subfield code="a">Second edition.</subfield>
	</datafield>
	<datafield ind1=" " ind2=" " tag="500">
		<subfield code="a">Translated by ʻAjjāj Nuwaihiḍ. Additional chapters and commentaries by Shakīb Arsalān.</subfield>
	</datafield>
	<datafield ind1=" " ind2=" " tag="500">
		<subfield code="a">Part of the Arabic Collections Online (ACO) project, contributed by Columbia University Libraries.</subfield>
	</datafield>
	<datafield ind1=" " ind2=" " tag="533">
		<subfield code="a">Electronic reproduction.</subfield>
		<subfield code="b">New York, N.Y. :</subfield>
		<subfield code="c">New York University,</subfield>
		<subfield code="d">2017.</subfield>
		<subfield code="5">NNU</subfield>
	</datafield>
	<datafield ind1=" " ind2="0" tag="651">
		<subfield code="a">Islamic countries</subfield>
		<subfield code="x">History.</subfield>
	</datafield>
	<datafield ind1=" " ind2="7" tag="651">
		<subfield code="a">Islamic countries.</subfield>
		<subfield code="2">fast</subfield>
		<subfield code="0">(OCoLC)fst01244130</subfield>
	</datafield>
	<datafield ind1=" " ind2="7" tag="655">
		<subfield code="a">History.</subfield>
		<subfield code="2">fast</subfield>
		<subfield code="0">(OCoLC)fst01411628</subfield>
	</datafield>
	<datafield ind1="1" ind2=" " tag="700">
		<subfield code="6">880-04</subfield>
		<subfield code="a">Arslān, Shakīb,</subfield>
		<subfield code="c">Amīr,</subfield>
		<subfield code="d">1869-1946.</subfield>
	</datafield>
	<datafield ind1="2" ind2=" " tag="710">
		<subfield code="a">Columbia University.</subfield>
		<subfield code="b">Libraries.</subfield>
	</datafield>
	<datafield ind1="0" ind2=" " tag="730">
		<subfield code="a">Arabic Collections Online.</subfield>
	</datafield>
	<datafield ind1="0" ind2="8" tag="776">
		<subfield code="i">Print version:</subfield>
		<subfield code="a">Stoddard, Lothrop, 1883-1950.</subfield>
		<subfield code="t">Ḥāḍir al-ʻālam al-Islāmī</subfield>
		<subfield code="w">(NNC)3080521</subfield>
		<subfield code="w">(OCoLC)47924066</subfield>
	</datafield>
	<datafield ind1="4" ind2="0" tag="856">
		<subfield code="u">http://hdl.handle.net/2333.1/8gthtczz</subfield>
	</datafield>
	<datafield ind1="1" ind2=" " tag="880">
		<subfield code="6">100-01/r</subfield>
		<subfield code="a">ستودارد، لوثروب،</subfield>
		<subfield code="d">1883-1950.</subfield>
	</datafield>
	<datafield ind1="1" ind2="0" tag="880">
		<subfield code="6">245-02/r</subfield>
		<subfield code="a">حاضر العالم الاسلامي /</subfield>
		<subfield code="c">تأليف لوثرب ستودارد ؛ نقله الى العربية عجاج نويهيض ؛ و فيه فصول و تعليقات و حواشٍ مستفيدة عن دقائق احوال الامم الاسلامية و تطورها الحديث بقلم الامير شكيب ارسلان.</subfield>
	</datafield>
	<datafield ind1=" " ind2=" " tag="880">
		<subfield code="6">260-03/r</subfield>
		<subfield code="a">القاهرة :</subfield>
		<subfield code="b">مطبعة عيسى البابي الحلبي و شركاه بمصر،</subfield>
		<subfield code="c">1352 [1932]</subfield>
	</datafield>
	<datafield ind1="1" ind2=" " tag="880">
		<subfield code="6">700-04/r</subfield>
		<subfield code="a">ارسلان، شكيب،</subfield>
		<subfield code="c">امير،</subfield>
		<subfield code="d">1869-1946.</subfield>
	</datafield>
	<datafield ind1=" " ind2=" " tag="959">
		<subfield code="a">NNU</subfield>
		<subfield code="b">WEB</subfield>
		<subfield code="c">GENI</subfield>
		<subfield code="t">0</subfield>
		<subfield code="m">Electronic access</subfield>
		<subfield code="s">01</subfield>
	</datafield>
	<datafield ind1=" " ind2=" " tag="999">
		<subfield code="i">NNC_3080521</subfield>
		<subfield code="o">(OCoLC)ocm47924066</subfield>
		<subfield code="s">columbia_aco002035:v.1</subfield>
		<subfield code="s">columbia_aco002533:v.2</subfield>
		<subfield code="s">columbia_aco002534:v.3</subfield>
		<subfield code="s">columbia_aco002535:v.4</subfield>
		<subfield code="e">(ERROR-880)</subfield>
		<subfield code="s">columbia_aco002035:v.1</subfield>
		<subfield code="s">columbia_aco002533:v.2</subfield>
		<subfield code="s">columbia_aco002534:v.3</subfield>
		<subfield code="s">columbia_aco002535:v.4</subfield>
	</datafield>
</record>
